@misc{GNULicence,
title= "GNU General Public License",
howpublished={\url{https://creativecommons.org/licenses/GPL/2.0/legalcode.pt}},
note={Acessed: 29-02-2020}
}


